<?xml version="1.0" encoding="UTF-8"?>
<record xmlns="http://www.loc.gov/MARC21/slim" xmlns:xsi="http://www.w3.org/2001/XMLSchema-instance" xsi:schemaLocation="http://www.loc.gov/MARC21/slim http://www.loc.gov/standards/marcxml/schema/MARC21slim.xsd">
<leader>00000cam a22      a 4500</leader>
<controlfield tag="001">001677277</controlfield>
<controlfield tag="003">NNU</controlfield>
<controlfield tag="005">20160226174118.0</controlfield>
<controlfield tag="008">930722s1955    iq            000 0 ara d</controlfield>
<datafield tag="035" ind1=" " ind2=" ">
<subfield code="a">(OCoLC)316079465</subfield>
<subfield code="z">(OCoLC)476966513</subfield>
</datafield>
<datafield tag="040" ind1=" " ind2=" ">
<subfield code="a">LGG</subfield>
<subfield code="b">eng</subfield>
<subfield code="c">LGG</subfield>
<subfield code="d">UUM</subfield>
<subfield code="d">OCLCF</subfield>
<subfield code="d">OCLCO</subfield>
<subfield code="d">OCLCQ</subfield>
<subfield code="d">N15</subfield>
</datafield>
<datafield tag="050" ind1=" " ind2="4">
<subfield code="a">BP369</subfield>
<subfield code="b">.M35 1955</subfield>
</datafield>
<datafield tag="100" ind1="1" ind2=" ">
<subfield code="6">880-01</subfield>
<subfield code="a">Mallāḥ, Maḥmūd.</subfield>
</datafield>
<datafield tag="245" ind1="1" ind2="3">
<subfield code="6">880-02</subfield>
<subfield code="a">al-Bābīyah wa-al-Bahāʼīyah /</subfield>
<subfield code="c">Maḥmūd al-Mallāḥ.</subfield>
</datafield>
<datafield tag="260" ind1=" " ind2=" ">
<subfield code="6">880-03</subfield>
<subfield code="a">Baghdād :</subfield>
<subfield code="b">Maṭbaʻat Asʻad,</subfield>
<subfield code="c">1955.</subfield>
</datafield>
<datafield tag="300" ind1=" " ind2=" ">
<subfield code="a">v. ;</subfield>
<subfield code="c">22 cm.</subfield>
</datafield>
<datafield tag="336" ind1=" " ind2=" ">
<subfield code="a">text</subfield>
<subfield code="b">txt</subfield>
<subfield code="2">rdacontent</subfield>
</datafield>
<datafield tag="337" ind1=" " ind2=" ">
<subfield code="a">unmediated</subfield>
<subfield code="b">n</subfield>
<subfield code="2">rdamedia</subfield>
</datafield>
<datafield tag="338" ind1=" " ind2=" ">
<subfield code="a">volume</subfield>
<subfield code="b">nc</subfield>
<subfield code="2">rdacarrier</subfield>
</datafield>
<datafield tag="650" ind1=" " ind2="0">
<subfield code="a">Babism.</subfield>
</datafield>
<datafield tag="650" ind1=" " ind2="0">
<subfield code="a">Bahai Faith.</subfield>
</datafield>
<datafield tag="650" ind1=" " ind2="0">
<subfield code="a">Babism</subfield>
<subfield code="v">Controversial literature.</subfield>
</datafield>
<datafield tag="650" ind1=" " ind2="0">
<subfield code="a">Bahai Faith</subfield>
<subfield code="v">Controversial literature.</subfield>
</datafield>
<datafield tag="650" ind1=" " ind2="7">
<subfield code="a">Babism.</subfield>
<subfield code="2">fast</subfield>
<subfield code="0">(OCoLC)fst00824965</subfield>
</datafield>
<datafield tag="650" ind1=" " ind2="7">
<subfield code="a">Bahai Faith.</subfield>
<subfield code="2">fast</subfield>
<subfield code="0">(OCoLC)fst00825445</subfield>
</datafield>
<datafield tag="655" ind1=" " ind2="7">
<subfield code="a">Controversial literature.</subfield>
<subfield code="2">fast</subfield>
<subfield code="0">(OCoLC)fst01423907</subfield>
</datafield>
<datafield tag="880" ind1="1" ind2=" ">
<subfield code="6">100-01/</subfield>
<subfield code="a">ملاح، محمود.</subfield>
</datafield>
<datafield tag="880" ind1="1" ind2="2">
<subfield code="6">245-02/</subfield>
<subfield code="a">البابية والبهائية /</subfield>
<subfield code="c">محمود الملاح.</subfield>
</datafield>
<datafield tag="880" ind1=" " ind2=" ">
<subfield code="6">260-03/</subfield>
<subfield code="a">بغداد :</subfield>
<subfield code="b">مطبعة اسعد،</subfield>
<subfield code="c">1955.</subfield>
</datafield>
<datafield tag="OWN" ind1=" " ind2=" ">
<subfield code="a">GENERAL</subfield>
</datafield>
<datafield tag="AVA" ind1=" " ind2=" ">
<subfield code="a">NYU50</subfield>
<subfield code="b">BOBST</subfield>
<subfield code="c">Main Collection</subfield>
<subfield code="d">BP330 .M3</subfield>
<subfield code="e">unavailable</subfield>
<subfield code="t">Unavailable</subfield>
<subfield code="f">1</subfield>
<subfield code="g">1</subfield>
<subfield code="h">Y</subfield>
<subfield code="i">0</subfield>
<subfield code="j">MAIN</subfield>
<subfield code="k">0</subfield>
</datafield>
</record>
